<?xml version="1.0" encoding="UTF-8"?><collection xmlns="http://www.loc.gov/MARC21/slim"><record><leader>00665nam--2200193-i-4500</leader><controlfield tag="001">000013567</controlfield><controlfield tag="002">20161230</controlfield><controlfield tag="005">20161230201030</controlfield><controlfield tag="008">060222s1000------------r-----000-0-eng-d</controlfield><datafield ind1=" " ind2=" " tag="020"><subfield code="a">0720417546</subfield></datafield><datafield ind1=" " ind2=" " tag="080"><subfield code="a">539.2:539.172.3</subfield></datafield><datafield ind1="1" ind2=" " tag="100"><subfield code="a">Wertheim, G.K</subfield></datafield><datafield ind1="1" ind2="0" tag="245"><subfield code="a">The electronic structure of point deects; as determined by mossbauer spectroscopy and by spin resonance</subfield><subfield code="b">Defects in crystalline solids volume 4</subfield><subfield code="c">G.k. wertheim, a. hausmann, w. sander</subfield></datafield><datafield ind1=" " ind2=" " tag="260"><subfield code="a">Amsterdam</subfield><subfield code="b">North-holland Publishing Company</subfield><subfield code="c">1971</subfield></datafield><datafield ind1=" " ind2=" " tag="300"><subfield code="a">X+222P</subfield></datafield><datafield ind1=" " ind2=" " tag="490"><subfield code="a">Defects In Crystalline Solids</subfield></datafield><datafield ind1="1" ind2=" " tag="700"><subfield code="a">Sander, W</subfield></datafield><datafield ind1=" " ind2=" " tag="852"><subfield code="a">33839</subfield><subfield code="c">539.2</subfield></datafield><datafield ind1=" " ind2=" " tag="CAT"><subfield code="a">Sys</subfield><subfield code="c">20121018</subfield><subfield code="h">110548</subfield></datafield></record></collection>